<record><leader>00000cas a2200000 a 4500</leader><controlfield tag="001">28464139</controlfield><controlfield tag="008">930716d19491954cauin ne      0    0eng c</controlfield><datafield ind1=" " ind2=" " tag="010"><subfield code="a">sn 93051080 </subfield></datafield><datafield ind1=" " ind2=" " tag="040"><subfield code="a">CUY</subfield><subfield code="b">eng</subfield><subfield code="c">CNK</subfield><subfield code="d">OCLCQ</subfield><subfield code="d">CNK</subfield><subfield code="d">OCLCQ</subfield><subfield code="d">OCLCF</subfield><subfield code="d">OCLCO</subfield></datafield><datafield ind1="1" ind2=" " tag="029"><subfield code="a">AU@</subfield><subfield code="b">000025892679</subfield></datafield><datafield ind1=" " ind2=" " tag="042"><subfield code="a">pcc</subfield></datafield><datafield ind1=" " ind2=" " tag="043"><subfield code="a">n-us-ca</subfield></datafield><datafield ind1="0" ind2="0" tag="245"><subfield code="a">Redwood journal press-dispatch.</subfield></datafield><datafield ind1=" " ind2=" " tag="260"><subfield code="a">Ukiah, Mendocino County, Calif. :</subfield><subfield code="b">B.A. Cober</subfield></datafield><datafield ind1=" " ind2=" " tag="300"><subfield code="a">v.</subfield></datafield><datafield ind1=" " ind2=" " tag="310"><subfield code="a">Triweekly</subfield></datafield><datafield ind1="0" ind2=" " tag="362"><subfield code="a">Vol. 12 [i.e. 21], no. 51 (Oct. 3, 1949)-v. 25, no. 156 (Apr. 16, 1954).</subfield></datafield><datafield ind1=" " ind2=" " tag="500"><subfield code="a">"Complete news coverage of Mendocino County."</subfield></datafield><datafield ind1=" " ind2=" " tag="530"><subfield code="a">Master negatives are available for duplication from:</subfield><subfield code="b">California Newspaper Microfilm Archive;</subfield><subfield code="c">for further information consult the CNMA at:</subfield><subfield code="u">http://cbsr.ucr.edu</subfield></datafield><datafield ind1=" " ind2="0" tag="651"><subfield code="a">Mendocino County (Calif.)</subfield><subfield code="v">Newspapers.</subfield></datafield><datafield ind1=" " ind2="7" tag="655"><subfield code="a">Newspapers.</subfield><subfield code="2">fast</subfield><subfield code="0">(OCoLC)fst01423814</subfield></datafield><datafield ind1=" " ind2="7" tag="651"><subfield code="a">California</subfield><subfield code="z">Mendocino County.</subfield><subfield code="2">fast</subfield><subfield code="0">(OCoLC)fst01215516</subfield></datafield><datafield ind1=" " ind2=" " tag="752"><subfield code="a">United States</subfield><subfield code="b">California</subfield><subfield code="c">Mendocino</subfield><subfield code="d">Ukiah.</subfield></datafield><datafield ind1="0" ind2="4" tag="780"><subfield code="t">Redwood journal and dispatch-Democrat</subfield><subfield code="w">(DLC)sn 93051077</subfield></datafield><datafield ind1="0" ind2="4" tag="780"><subfield code="t">Ukiah Republican-press</subfield><subfield code="w">(DLC)sn 93053246</subfield></datafield><datafield ind1="0" ind2="0" tag="785"><subfield code="t">Ukiah daily journal</subfield><subfield code="w">(DLC)sn 93051081</subfield></datafield></record>